@online{natgeo_aral,
  author = {{National Geographic Learning}},
  title = {The Story of the Aral Sea},
  organization = {National Geographic Learning},
  url = {https://www.ngllife.com/story-aral-sea-0#:~:text=The%20Aral%20Sea%20once%20had,it%20was%20called%20a%20sea.},
  note = {[Accessed: Apr. 25, 2025]}
}

@online{britannica_aral,
  author = {{Encyclopaedia Britannica}},
  title = {Aral Sea},
  organization = {Encyclopaedia Britannica},
  url = {https://www.britannica.com/place/Aral-Sea},
  note = {[Accessed: Apr. 25, 2025]}
}

@online{trushin_aral,
  author = { },
  title = {The Aral Sea Crisis},
  organization = {Columbia University},
  url = {https://www.columbia.edu/~tmt2120/introduction.htm},
  note = {[Accessed: Apr. 25, 2025]}
}

@article{micklin_past,
  author = {P. Micklin},
  title = {The past, present, and future Aral Sea},
  journal = {Lakes \& Reservoirs: Research and Management},
  volume = {15},
  pages = {193--213},
  year = {2010},
  url = {https://www.researchgate.net/publication/264235835},
  note = {[Accessed: Apr. 25, 2025]}
}

@online{ebsco_aral,
  author = {{EBSCO Information Services}},
  title = {Supreme Soviet declares the Aral Sea a Disaster Area},
  organization = {Research Starters: Politics and Government},
  url = {https://www.ebsco.com/research-starters/politics-and-government/supreme-soviet-declares-aral-sea-disaster-area},
  note = {[Accessed: Apr. 25, 2025]}
}

@online{ejf_whitegold,
  author = {{Environmental Justice Foundation}},
  title = {White Gold: The True Cost of Cotton},
  year = {2005},
  url = {https://ejfoundation.org/resources/downloads/white_gold_the_true_cost_of_cotton.pdf},
  note = {[Accessed: Apr. 25, 2025]}
}

@online{grabish_drytears,
  author = {B. Grabish},
  title = {Dry Tears of the Aral},
  organization = {United Nations Chronicle},
  url = {https://www.un.org/en/chronicle/article/dry-tears-aral},
  note = {[Accessed: Apr. 25, 2025]}
}

@article{conrad_irrigated,
  author = {C. Conrad and J. P. A. Lamers and N. Ibragimov and F. Löw and C. Martius},
  title = {Analysing irrigated crop rotation patterns in arid Uzbekistan by the means of Remote Sensing: A Case Study on Post-Soviet Agricultural Land Use},
  journal = {Journal of Arid Environments},
  volume = {124},
  pages = {150--159},
  year = {2015},
  url = {https://www.sciencedirect.com/science/article/abs/pii/S014019631530032X},
  note = {[Accessed: Apr. 25, 2025]}
}

@online{rasmussen_nasa,
  author = {C. Rasmussen},
  title = {NASA data find some hope for Water in Aral Sea basin},
  organization = {NASA Jet Propulsion Laboratory},
  year = {2014},
  month = {Jul},
  day = {10},
  url = {https://www.jpl.nasa.gov/news/nasa-data-find-some-hope-for-water-in-aral-sea-basin},
  note = {[Accessed: Apr. 25, 2025]}
}

@article{plotnikov_fauna,
  author = {I. S. Plotnikov and N. V. Aladin and L. V. Zhakova and J. Mossin and J. T. Høeg},
  title = {Past, Present and Future of the Aral Sea — A review of its Fauna and Flora before and during the Regression Crisis},
  journal = {Zoological Studies},
  volume = {62},
  pages = {e19},
  year = {2023},
  month = {May},
  url = {https://pmc.ncbi.nlm.nih.gov/articles/PMC10317995/},
  note = {[Accessed: Apr. 25, 2025]}
}

@article{chen_dust,
  author = {Z. Chen and X. Gao and J. Lei},
  title = {Dust Emission and Transport in the Aral Sea Region},
  journal = {Geoderma},
  volume = {428},
  year = {2022},
  url = {https://www.sciencedirect.com/science/article/pii/S0016706122004840},
  note = {[Accessed: Apr. 25, 2025]}
}

@online{narbayep_aral,
  author = {M. Narbayep and V. Pavlova},
  title = {The Aral Sea, Central Asian Countries and Climate Change in the 21st Century},
  organization = {United Nations ESCAP},
  year = {2022},
  url = {https://www.unescap.org/sites/default/d8files/event-documents/ESCAP-2022-WP-Aral-Sea-central-Asian-countries-climate-change.pdf},
  note = {[Accessed: Apr. 25, 2025]}
}

@online{huseynli_aralcatastrophe,
  author = {O. Huseynli},
  title = {The Aral Sea Catastrophe: Understanding one of the worst Ecological Calamities of the Last Century},
  organization = {Earth.Org},
  year = {2024},
  url = {https://earth.org/the-aral-sea-catastrophe-understanding-one-of-the-worst-ecological-calamities-of-the-last-century/},
  note = {[Accessed: Apr. 25, 2025]}
}

@article{schettler_hydrochemical,
  author = {G. Schettler and H. Oberhänsli and G. Stulina and A. A. Mavlonov and R. Naumann},
  title = {Hydrochemical water evolution in the Aral Sea Basin. Part I: Unconfined groundwater of the Amu Darya Delta – Interactions with Surface Waters},
  journal = {Journal of Hydrology},
  volume = {495},
  pages = {267--284},
  year = {2013},
  url = {https://www.sciencedirect.com/science/article/abs/pii/S0022169413002680},
  note = {[Accessed: Apr. 25, 2025]}
}

@online{gleick_araldeath,
  author = {P. Gleick},
  title = {The Death of the Aral Sea},
  organization = {Pacific Institute},
  url = {https://pacinst.org/national-geographic-scienceblogs-the-death-of-the-aral-sea/},
  note = {[Accessed: Apr. 25, 2025]}
}

@online{damlamian_aral,
  author = {J. Damlamian},
  title = {The Aral Sea Disaster},
  organization = {UNESCO},
  year = {2008},
  url = {https://en.unesco.org/courier/january-march-2008/aral-sea-disaster},
  note = {[Accessed: Apr. 25, 2025]}
}

@article{whish_wilson_health,
  author = {P. Whish-Wilson},
  title = {The Aral Sea Environmental Health Crisis},
  journal = {Journal of Rural and Remote Environmental Health},
  volume = {1},
  number = {2},
  pages = {29--34},
  year = {2002},
  url = {https://www.aral.uz/en/pdf/environmental_health.pdf},
  note = {[Accessed: Apr. 25, 2025]}
}

@article{aladin_zoocenosis_2019,
  author = {N. Aladin and V. Gontar and L. Zhakova and I. Plotnikov and A. Smurov and P. Rzymski and P. Klimaszyk},
  title = {The zoocenosis of the Aral Sea: Six decades of fast-paced change},
  journal = {Environmental Science and Pollution Research},
  volume = {26},
  pages = {2358--2371},
  year = {2019},
  url = {https://www.researchgate.net/figure/Changes-in-water-level-and-salinity-of-the-Aral-Sea-over-the-last-six-decades-based-on_fig4_329222649},
  note = {[Accessed: Apr. 25, 2025]}
}


@article{glantz_aral,
  author = {M. H. Glantz},
  title = {The Aral Sea Basin: A Sea Dies and a Region Dries},
  journal = {Environment: Science and Policy for Sustainable Development},
  volume = {36},
  number = {3},
  pages = {4--9},
  year = {1994},
  url = {https://www.taylorandfrancis.com/books/mono/10.4324/9780429501558/},
  note = {[Accessed: Apr. 25, 2025]}
}

@online{unep_aral,
  author = {{United Nations Environment Programme}},
  title = {The Drying of the Aral Sea},
  organization = {UNEP},
  year = {2005},
  url = {https://www.unep.org/resources/drying-aral-sea},
  note = {[Accessed: Apr. 25, 2025]}
}

@online{wri_aral,
  author = {{World Resources Institute}},
  title = {Aral Sea Basin Water Management},
  organization = {WRI},
  year = {2003},
  url = {https://www.wri.org/data/aral-sea-basin-water-management},
  note = {[Accessed: Apr. 25, 2025]}
}

@article{pala_aral,
  author = {C. Pala},
  title = {Aral Sea's Fading Hope},
  journal = {Nature},
  volume = {525},
  pages = {20--22},
  year = {2015},
  url = {https://www.nature.com/articles/525020a},
  note = {[Accessed: Apr. 25, 2025]}
}

@online{weiss_aral,
  author = {J. Weiss},
  title = {The Aral Sea: Environmental Tragedy in Central Asia},
  organization = {ICE Case Studies},
  year = {1997},
  url = {https://www1.american.edu/ted/ice/aral.htm},
  note = {[Accessed: Apr. 25, 2025]}
}

@online{falkovich_aral,
  author = {V. Falkovich},
  title = {Aral Sea Disaster: Can it be reversed?},
  organization = {Yale Global},
  year = {2003},
  url = {https://archive-yaleglobal.yale.edu/content/aral-sea-disaster-can-it-be-reversed},
  note = {[Accessed: Apr. 25, 2025]}
}

@article{boomer_aral,
  author = {K. B. Boomer and P. Micklin and T. W. Crawford},
  title = {The Aral Sea Disaster},
  journal = {Annual Review of Earth and Planetary Sciences},
  volume = {38},
  pages = {235--260},
  year = {2010},
  url = {https://www.annualreviews.org/doi/10.1146/annurev-earth-040809-152548},
  note = {[Accessed: Apr. 25, 2025]}
}

@online{hannah_aral,
  author = {L. Hannah},
  title = {The Aral Sea Disaster: Lessons Learned},
  organization = {World Bank},
  year = {2002},
  url = {https://documents1.worldbank.org/curated/en/605651468771737216/pdf/multi0page.pdf},
  note = {[Accessed: Apr. 25, 2025]}
}

@online{fao_aral,
  author = {{Food and Agriculture Organization of the United Nations}},
  title = {Aral Sea Basin Initiative},
  organization = {FAO},
  url = {https://www.fao.org/aralsea/en/},
  note = {[Accessed: Apr. 25, 2025]}
}

@article{borthwick_what,
  author = {M. Borthwick},
  title = {What Happened to the Aral Sea?},
  journal = {Geographical Review},
  volume = {92},
  number = {2},
  pages = {242--246},
  year = {2002},
  url = {https://www.jstor.org/stable/4140948},
  note = {[Accessed: Apr. 25, 2025]}
}

@article{small_aral,
  author = {I. Small and M. van der Meer},
  title = {The Aral Sea Disaster},
  journal = {Water International},
  volume = {26},
  number = {4},
  pages = {559--566},
  year = {2001},
  url = {https://www.tandfonline.com/doi/abs/10.1080/02508060108686955},
  note = {[Accessed: Apr. 25, 2025]}
}

@online{unesco_introduction,
  author = {{UNESCO}},
  title = {Introduction to the Aral Sea},
  url = {https://en.unesco.org/aral-sea},
  note = {[Accessed: Apr. 25, 2025]}
}

@article{micklin_aral_2007,
  author = {P. Micklin},
  title = {The Aral Sea Disaster},
  journal = {Annual Review of Earth and Planetary Sciences},
  volume = {35},
  pages = {47--72},
  year = {2007},
  url = {https://doi.org/10.1146/annurev.earth.35.031306.140120},
  note = {[Accessed: Apr. 25, 2025]}
}

@article{micklin_syr,
  author = {P. Micklin},
  title = {The Syr Darya Delta and the Aral Sea},
  journal = {Environment: Science and Policy for Sustainable Development},
  volume = {40},
  number = {6},
  pages = {10--33},
  year = {1998},
  url = {https://doi.org/10.1080/00139159809605006},
  note = {[Accessed: Apr. 25, 2025]}
}

@article{zavialov_hydrography,
  author = {P. O. Zavialov},
  title = {Physical Oceanography of the Dying Aral Sea},
  journal = {Springer Praxis Books},
  year = {2005},
  url = {https://doi.org/10.1007/3-540-28650-6},
  note = {[Accessed: Apr. 25, 2025]}
}

@article{orus_floodplain,
  author = {F. Orus and A. Alonso and J. Martínez-Fernández},
  title = {Floodplain mapping in the Amu Darya Delta},
  journal = {Remote Sensing of Environment},
  volume = {112},
  number = {10},
  pages = {3600--3609},
  year = {2008},
  url = {https://doi.org/10.1016/j.rse.2008.04.007},
  note = {[Accessed: Apr. 25, 2025]}
}

@article{lett_aral,
  author = {R. Lett},
  title = {Aral Sea: water, climate, health crisis},
  journal = {Canadian Medical Association Journal},
  volume = {155},
  number = {8},
  pages = {1237--1242},
  year = {1996},
  url = {https://www.cmaj.ca/content/155/8/1237},
  note = {[Accessed: Apr. 25, 2025]}
}

@article{crutzen_atmosphere,
  author = {P. J. Crutzen},
  title = {Atmospheric Changes: Anthropocene},
  journal = {Nature},
  volume = {415},
  pages = {23},
  year = {2002},
  url = {https://doi.org/10.1038/415023a},
  note = {[Accessed: Apr. 25, 2025]}
}

@misc{gleick_water,
  author = {P. H. Gleick},
  title = {Water Resources and International Security},
  howpublished = {Pacific Institute},
  year = {1993},
  url = {https://pacinst.org/publication/water-resources-and-international-security},
  note = {[Accessed: Apr. 25, 2025]}
}

@misc{postel_last_oasis,
  author = {S. Postel},
  title = {Last Oasis: Facing Water Scarcity},
  publisher = {W. W. Norton \& Company},
  year = {1992}
}

@book{pearce_when_rivers,
  author = {F. Pearce},
  title = {When the Rivers Run Dry: Water--The Defining Crisis of the Twenty-first Century},
  publisher = {Beacon Press},
  year = {2006}
}

@article{bekchanov_environmental,
  author = {M. Bekchanov and A. Bhaduri},
  title = {Impact of irrigation water allocation strategies on global food supply},
  journal = {Water Resources and Economics},
  volume = {7},
  pages = {16--30},
  year = {2014},
  url = {https://doi.org/10.1016/j.wre.2014.08.002},
  note = {[Accessed: Apr. 25, 2025]}
}

@misc{sic_aral,
  author = {{Scientific Information Center of Interstate Commission for Water Coordination in Central Asia}},
  title = {Aral Sea Basin Information},
  year = {2009},
  url = {https://www.icwc-aral.uz/},
  note = {[Accessed: Apr. 25, 2025]}
}

@misc{nasa_aral,
  author = {{NASA Earth Observatory}},
  title = {Shrinking Aral Sea},
  year = {2000},
  url = {https://earthobservatory.nasa.gov/features/AralSea},
  note = {[Accessed: Apr. 25, 2025]}
}

@misc{worldbank_aral_recovery,
  author = {{World Bank}},
  title = {Saving the Aral Sea: The North Aral Sea Project},
  year = {2019},
  url = {https://www.worldbank.org/en/news/feature/2019/03/18/saving-the-aral-sea-the-north-aral-sea-project},
  note = {[Accessed: Apr. 25, 2025]}
}

@misc{osce_aral,
  author = {{Organization for Security and Co-operation in Europe}},
  title = {Environmental Security and the Aral Sea Region},
  year = {2007},
  url = {https://www.osce.org/project-co-ordinator-in-uzbekistan/28982},
  note = {[Accessed: Apr. 25, 2025]}
}

@misc{unesco_aral_initiative,
  author = {{UNESCO}},
  title = {International Fund for Saving the Aral Sea},
  year = {2015},
  url = {https://en.unesco.org/focus/international-fund-saving-aral-sea},
  note = {[Accessed: Apr. 25, 2025]}
}

@article{saiko_environment,
  author = {T. A. Saiko and V. I. Zonn},
  title = {Irrigation expansion and dynamics of desertification in the Circum-Aral region of Central Asia},
  journal = {Applied Geography},
  volume = {20},
  number = {4},
  pages = {349--367},
  year = {2000},
  url = {https://doi.org/10.1016/S0143-6228(00)00015-4},
  note = {[Accessed: Apr. 25, 2025]}
}

@article{white_aral,
  author = {G. F. White},
  title = {The Aral Sea: Lessons for Sustainability},
  journal = {Environment: Science and Policy for Sustainable Development},
  volume = {39},
  number = {4},
  pages = {6--11},
  year = {1997},
  url = {https://doi.org/10.1080/00139159709604731},
  note = {[Accessed: Apr. 25, 2025]}
}

@misc{unep_aral_report,
  author = {{UNEP}},
  title = {The State of the Environment of the Aral Sea Basin},
  year = {2000},
  url = {https://wedocs.unep.org/20.500.11822/8916},
  note = {[Accessed: Apr. 25, 2025]}
}

@misc{ifas_aral,
  author = {{International Fund for Saving the Aral Sea (IFAS)}},
  title = {About IFAS},
  year = {2022},
  url = {http://www.ifas-int.org/en/},
  note = {[Accessed: Apr. 25, 2025]}
}

@misc{who_aral,
  author = {{World Health Organization}},
  title = {Health and ecological consequences of the Aral Sea crisis},
  year = {2000},
  url = {https://apps.who.int/iris/handle/10665/338672},
  note = {[Accessed: Apr. 25, 2025]}
}

@misc{unesco_aral_case,
  author = {{UNESCO}},
  title = {Aral Sea Basin: Case Study},
  year = {2008},
  url = {https://unesdoc.unesco.org/ark:/48223/pf0000159008},
  note = {[Accessed: Apr. 25, 2025]}
}

@incollection{joger2012fauna,
  author    = {U. Joger and T. Dujsebayeva and O. Belyalov and Y. Chikin and D. Guicking and Y. Grachev and R. Kadyrbekov and C. Miaud},
  title     = {Fauna of the Aralkum},
  booktitle = {Aral Sea: The Environmental Legacy},
  publisher = {Springer},
  year      = {2012},
  pages     = {129--141},
  url       = {https://www.researchgate.net/publication/225995993_Fauna_of_the_Aralkum},
  note      = {[Accessed: Apr. 25, 2025]}
}

@misc{unesco2000vision,
  author       = {{UNESCO}},
  title        = {Water-related vision for the Aral Sea Basin for the year 2025},
  year         = {2000},
  address      = {Paris, France},
  publisher    = {UNESCO},
  url          = {https://unesdoc.unesco.org/ark:/48223/pf0000126259},
  note         = {[Accessed: Apr. 25, 2025]}
}

@article{micklin1988desiccation,
  author  = {P. Micklin},
  title   = {Desiccation of the Aral Sea: A Water Management Disaster in the Soviet Union},
  journal = {Science},
  year    = {1988},
  volume  = {241},
  number  = {4870},
  pages   = {1170--1176},
  month   = {Sep},
  doi     = {10.1126/science.241.4870.1170},
  url     = {https://www.researchgate.net/publication/6099243_Desiccation_of_the_Aral_Sea_A_Water_Management_Disaster_in_the_Soviet_Union},
  note    = {[Accessed: Apr. 25, 2025]}
}

@misc{bardsley2023toxic,
  author       = {D. Bardsley},
  title        = {The sea that disappeared because of human folly – and left a toxic legacy},
  year         = {2023},
  month        = {Nov. 15},
  publisher    = {The National},
  url          = {https://www.thenationalnews.com/climate/environment/2023/11/15/the-sea-that-disappeared-because-of-human-folly-and-left-a-toxic-legacy/},
  note         = {[Accessed: Apr. 25, 2025]}
}

@misc{mannaerts2022port,
  author       = {P. Mannaerts},
  title        = {The port city that lost its water},
  year         = {2022},
  month        = {Feb. 24},
  publisher    = {BBC Travel},
  url          = {https://www.bbc.com/travel/article/20161011-the-port-city-that-lost-its-water},
  note         = {[Accessed: Apr. 25, 2025]}
}

@misc{upperdarby2025geotext,
  author       = {{Upper Darby School District}},
  title        = {GeoText Chapter 26: The Aral Sea: Central Asia's Shrinking Water Source},
  year         = {2025},
  note         = {[Accessed: Apr. 25, 2025]},
  url          = {https://www.upperdarbysd.org/cms/lib/PA02209738/Centricity/Domain/156/GeoText%20Ch.26.pdf}
}

@article{whishwilson2002crisis,
  author  = {P. Whish-Wilson},
  title   = {The Aral Sea environmental health crisis},
  journal = {Journal of Rural and Remote Environmental Health},
  year    = {2002},
  volume  = {1},
  pages   = {29--34},
  url     = {https://jrtph.jcu.edu.au/vol/v01whish.pdf},
  note    = {[Accessed: Apr. 25, 2025]}
}

@article{shi2022farmland,
  author  = {J. Shi and Q. Guo and S. Zhao and Y. Su and Y. Shi},
  title   = {The effect of farmland on the surface water of the Aral Sea Region using Multi-source Satellite Data},
  journal = {PeerJ},
  year    = {2022},
  volume  = {10},
  pages   = {e12920},
  month   = {Feb. 10},
  doi     = {10.7717/peerj.12920},
  pmid    = {35186494},
  pmcid   = {PMC8841034},
  url     = {https://pmc.ncbi.nlm.nih.gov/articles/PMC8841034/},
  note    = {[Accessed: Apr. 25, 2025]}
}

@article{anchita2021health,
  author  = {A. Anchita and A. Zhupankhan and Z. Khaibullina and Y. Kabiyev and K. M. Persson and K. Tussupova},
  title   = {Health Impact of Drying Aral Sea: One Health and Socio-Economical Approach},
  journal = {Water},
  year    = {2021},
  volume  = {13},
  number  = {22},
  pages   = {3196},
  doi     = {10.3390/w13223196},
  url     = {https://www.mdpi.com/2073-4441/13/22/3196},
  note    = {[Accessed: Apr. 25, 2025]}
}

@misc{chen2018kazakhstan,
  author       = {D. Chen},
  title        = {The country that brought a sea back to life},
  year         = {2018},
  month        = {Jul. 23},
  publisher    = {BBC Future},
  url          = {https://www.bbc.com/future/article/20180719-how-kazakhstan-brought-the-aral-sea-back-to-life},
  note         = {[Accessed: Apr. 25, 2025]}
}

@misc{chen2018aral,
  author       = {D. Chen},
  title        = {Once Written Off for Dead, the Aral Sea Is Now Full of Life},
  year         = {2018},
  month        = {Mar. 16},
  publisher    = {National Geographic},
  url          = {https://www.nationalgeographic.com/science/article/north-aral-sea-restoration-fish-kazakhstan},
  note         = {[Accessed: Apr. 25, 2025]}
}

@techreport{dukhovny2003lessons,
  author       = {V. Dukhovny and V. Sokolov},
  title        = {Lessons on cooperation building to manage water conflicts in the Aral Sea Basin},
  institution  = {UNESCO},
  year         = {2003},
  address      = {Paris, France},
  series       = {Technical documents in hydrology: PC-CP series, no. 11 (SC.2003/WS/44)},
  url          = {https://unesdoc.unesco.org/ark:/48223/pf0000133291},
  note         = {[Accessed: Apr. 25, 2025]}
}

@misc{uri_drip,
  author       = {{University of Rhode Island}},
  title        = {Drip Irrigation},
  url          = {https://web.uri.edu/safewater/protecting-water-quality-at-home/sustainable-landscaping/drip-irrigation/},
  note         = {[Accessed: Apr. 25, 2025]}
}

@misc{cotton2025water,
  author       = {{Cotton Incorporated}},
  title        = {Water sensitivity of Cotton Growth Stages},
  url          = {https://www.cottoninc.com/cotton-production/ag-resources/irrigation-management/water-sensitivity-of-cotton-growth-stages/},
  note         = {[Accessed: Apr. 25, 2025]}
}

@incollection{lodhi2020wheat,
  author    = {S. S. Lodhi and S. Maryam and K. Rafique and A. Shafique and Z. A. Yousaf and A. M. Talha and A. Gul and R. Amir},
  title     = {Overview of the prospective strategies for conservation of genomic diversity in wheat landraces},
  booktitle = {Climate Change and Food Security with Emphasis on Wheat},
  editor    = {M. Ozturk and A. Gul},
  publisher = {Academic Press},
  year      = {2020},
  pages     = {293--309},
  doi       = {10.1016/B978-0-12-819527-7.00021-2},
  url       = {https://www.sciencedirect.com/science/article/abs/pii/B9780128195277000212},
  note      = {[Accessed: Apr. 25, 2025]}
}

@incollection{chadalavada2022sorghum,
  author    = {K. Chadalavada and K. Guna and B. D. R. Kumari and T. S. Kumar},
  title     = {Drought stress in sorghum: impact on grain quality},
  booktitle = {Climate Change and Crop Stress},
  editor    = {A. K. Shanker and C. Shanker and A. Anand and M. Maheswari},
  publisher = {Academic Press},
  year      = {2022},
  pages     = {113--134},
  doi       = {10.1016/B978-0-12-816091-6.00003-1},
  url       = {https://doi.org/10.1016/B978-0-12-816091-6.00003-1}
}

@article{rustamova2023crop,
  author  = {I. Rustamova and A. Primov and A. Karimov and B. Khaitov and A. Karimov},
  title   = {Crop Diversification in the Aral Sea Region: Long-Term Situation Analysis},
  journal = {Sustainability},
  year    = {2023},
  volume  = {15},
  number  = {13},
  pages   = {10221},
  doi     = {10.3390/su151310221},
  url     = {https://www.mdpi.com/2071-1050/15/13/10221},
  note    = {[Accessed: Apr. 25, 2025]}
}

@misc{frederick1991disappearing,
  author       = {K. D. Frederick},
  title        = {The Disappearing Aral Sea},
  year         = {1991},
  month        = {Jan. 1},
  publisher    = {Resources},
  url          = {https://www.resources.org/archives/the-disappearing-aral-sea/},
  note         = {[Accessed: Apr. 25, 2025]}
}

@article{sharipova2022adaptive,
  author  = {B. Sharipova and N. Chemayeva},
  title   = {Adaptive water governance in Central Asia: Un-puzzling the concept},
  journal = {Central Asian Journal of Water Research},
  year    = {2022},
  volume  = {8},
  number  = {2},
  pages   = {1--18},
  doi     = {10.29258/CAJWR/2022-R1.v8-2/1-18.eng},
  url     = {https://water-ca.org/wp-content/uploads/1.-Adaptive-water-governance-in-Central-Asia_-Un-puzzling-the-concept.pdf},
  note    = {[Accessed: Apr. 25, 2025]}
}

@article{micklin2007disaster,
  author  = {P. Micklin},
  title   = {The Aral Sea Disaster},
  journal = {Annual Review of Earth and Planetary Sciences},
  year    = {2007},
  volume  = {35},
  pages   = {47--72},
  month   = {May},
  doi     = {10.1146/annurev.earth.35.031306.140120},
  note    = {[Accessed: Apr. 25, 2025]}
}

@misc{canada2025greatlakes,
  author       = {{Government of Canada}},
  title        = {Great Lakes Freshwater Ecosystem Initiative overview},
  year         = {2025},
  publisher    = {Canada Water Agency},
  url          = {https://www.canada.ca/en/canada-water-agency/freshwater-ecosystem-initiatives/great-lakes/great-lakes-protection/overview.html},
  note         = {[Accessed: Apr. 14, 2025]}
}

@misc{looby2022compact,
  author       = {C. Looby},
  title        = {Great Lakes Compact protects water access. But that doesn't mean thirsty neighbors won't challenge it.},
  year         = {2022},
  note         = {[Accessed: Apr. 25, 2025]},
  url          = {https://www.glc.org/wp-content/uploads/Climate-change-drought-renew-fears-about-Great-Lakes-water-diversions.pdf}
}

@misc{wisconsin2025waukesha,
  author       = {{Wisconsin Department of Natural Resources}},
  title        = {City of Waukesha Diversion},
  year         = {2025},
  url          = {https://dnr.wisconsin.gov/topic/wateruse/waukesha.html},
  note         = {[Accessed: Apr. 25, 2025]}
}

@misc{walker2025mapping,
  author       = {N. Walker},
  title        = {Mapping the human impact on the Great Lakes},
  year         = {2025},
  publisher    = {Canadian Geographic},
  url          = {https://canadiangeographic.ca/articles/mapping-the-human-impact-on-the-great-lakes/},
  note         = {[Accessed: Apr. 25, 2025]}
}

@misc{bongiorno2025invasion,
  author       = {J. Bongiorno},
  title        = {Space invasion: Is it too late to save the Great Lakes?},
  year         = {2025},
  publisher    = {Canadian Geographic},
  url          = {https://canadiangeographic.ca/articles/space-invasion-is-it-too-late-to-save-the-great-lakes/},
  note         = {[Accessed: Apr. 25, 2025]}
}

@article{mishra2011thermal,
  author  = {V. Mishra and K. A. Cherkauer and L. C. Bowling},
  title   = {Changing thermal dynamics of lakes in the Great Lakes region: Role of ice cover feedbacks},
  journal = {Global and Planetary Change},
  year    = {2011},
  volume  = {75},
  number  = {3--4},
  pages   = {155--172},
  doi     = {10.1016/j.gloplacha.2010.11.003},
  url     = {https://www.sciencedirect.com/science/article/abs/pii/S092181811000250X},
  note    = {[Accessed: Apr. 25, 2025]}
}

@misc{un2021progress,
  author       = {{United Nations, UNESCO, UNECE, and UN-Water}},
  title        = {Progress on Transboundary Water Cooperation: Global Status of SDG Indicator 6.5.2 and Acceleration Needs},
  year         = {2021},
  url          = {https://unece.org/sites/default/files/2021-12/SDG652_2021_2nd_Progress_Report_ENG_web.pdf},
  note         = {[Accessed: Apr. 25, 2025]}
}

@article{udall2017colorado,
  author  = {B. Udall and J. Overpeck},
  title   = {The twenty-first century Colorado River hot drought and implications for the future},
  journal = {Water Resources Research},
  year    = {2017},
  volume  = {53},
  number  = {3},
  pages   = {2404--2418},
  month   = {Feb},
  url     = {https://agupubs.onlinelibrary.wiley.com/doi/10.1002/2016WR019638},
  note    = {[Accessed: Apr. 25, 2025]}
}

@misc{unep2025tale,
  author       = {{United Nations Environment Programme (UNEP)}},
  title        = {The tale of a disappearing lake},
  url          = {https://www.unep.org/news-and-stories/story/tale-disappearing-lake},
  note         = {[Accessed: Apr. 25, 2025]}
}

@article{okpara2016lake,
  author  = {U. T. Okpara and L. C. Stringer and A. J. Dougill},
  title   = {Lake drying and livelihood dynamics in Lake Chad: Unravelling the mechanisms, contexts and responses},
  journal = {Ambio},
  year    = {2016},
  volume  = {45},
  pages   = {781--795},
  url     = {https://link.springer.com/article/10.1007/s13280-016-0805-6},
  note    = {[Accessed: Apr. 25, 2025]}
}

@misc{mahoozi2024urmia,
  author       = {S. Mahoozi},
  title        = {Iran’s Lake Urmia Is Lying On Its Deathbed With A Small Window Of Time Left To Save It, Experts Warn},
  year         = {2024},
  month        = {Feb. 9},
  publisher    = {Forbes},
  url          = {https://www.forbes.com/sites/sanammahoozi/2024/02/09/irans-lake-urmia-is-lying-on-its-deathbed-with-a-small-window-of-time-left-to-save-it-experts-warn/},
  note         = {[Accessed: Apr. 25, 2025]}
}

@misc{wwf2025ganges,
  author       = {{World Wide Fund for Nature (WWF)}},
  title        = {The Ganges},
  url          = {https://www.wwf.org.uk/where-we-work/ganges},
  note         = {[Accessed: Apr. 25, 2025]}
}

@article{rai2024ganga,
  author  = {P. Rai and J. S. Y. Kumar and A. Sen},
  title   = {Ganga, GAP, and lockdown: potential threats to the biodiversity of the river},
  journal = {Journal of Water and Climate Change},
  year    = {2024},
  volume  = {15},
  number  = {11},
  pages   = {5482--5500},
  doi     = {10.2166/wcc.2024.322}
}

@misc{mbaku2023dam,
  author       = {J. M. Mbaku},
  title        = {The controversy over the Grand Ethiopian Renaissance Dam},
  year         = {2023},
  publisher    = {Brookings Institution},
  url          = {https://www.brookings.edu/articles/the-controversy-over-the-grand-ethiopian-renaissance-dam/},
  note         = {[Accessed: Apr. 25, 2025]}
}

@misc{fayoumi2023impact,
  author       = {M. W. Fayoumi},
  title        = {The Ethiopian dam and its impact on Egypt and Sudan},
  year         = {2023},
  month        = {Nov},
  publisher    = {NATO Association of Canada},
  url          = {https://natoassociation.ca/the-ethiopian-dam-and-its-impact-on-egypt-and-sudan/},
  note         = {[Accessed: Apr. 25, 2025]}
}

@misc{mehra2024yangtze,
  author       = {A. Mehra},
  title        = {From floods to droughts: Infrastructure Strategies in the Yangtze River Basin},
  year         = {2024},
  month        = {May},
  publisher    = {ORCA Asia},
  url          = {https://orcasia.org/article/718/from-floods-to-droughts},
  note         = {[Accessed: Apr. 25, 2025]}
}